<record><leader>00000cas a22000007a 4500</leader><controlfield tag="001">40463879</controlfield><controlfield tag="008">981209d198u1989tnuwr ne      0    0eng d</controlfield><datafield ind1=" " ind2=" " tag="010"><subfield code="a">sn 98069920 </subfield></datafield><datafield ind1=" " ind2=" " tag="040"><subfield code="a">TGN</subfield><subfield code="b">eng</subfield><subfield code="c">TGN</subfield><subfield code="d">OCLCQ</subfield><subfield code="d">OCLCF</subfield><subfield code="d">OCLCO</subfield></datafield><datafield ind1="1" ind2=" " tag="029"><subfield code="a">AU@</subfield><subfield code="b">000014358427</subfield></datafield><datafield ind1=" " ind2=" " tag="042"><subfield code="a">msc</subfield></datafield><datafield ind1=" " ind2=" " tag="043"><subfield code="a">n-us-tn</subfield></datafield><datafield ind1="0" ind2=" " tag="130"><subfield code="a">Newsline (Pulaski, Tenn.)</subfield></datafield><datafield ind1="1" ind2="0" tag="245"><subfield code="a">Newsline.</subfield></datafield><datafield ind1="1" ind2=" " tag="246"><subfield code="i">Issues for Oct. 11-Nov. 8, 1988 have title:</subfield><subfield code="a">Newsline advertiser</subfield></datafield><datafield ind1="1" ind2=" " tag="246"><subfield code="i">Issues for Nov. 15, 1988-July 18, 1989 have title:</subfield><subfield code="a">Giles County newsline and shopper</subfield></datafield><datafield ind1=" " ind2=" " tag="260"><subfield code="a">Pulaski, Tenn. :</subfield><subfield code="b">Newsline of Giles County Inc.,</subfield><subfield code="c">-1989.</subfield></datafield><datafield ind1=" " ind2=" " tag="300"><subfield code="a">v.</subfield></datafield><datafield ind1=" " ind2=" " tag="310"><subfield code="a">Weekly</subfield></datafield><datafield ind1="0" ind2=" " tag="362"><subfield code="a">-v. 5, no. 50 (July 18, 1889).</subfield></datafield><datafield ind1=" " ind2=" " tag="588"><subfield code="a">Description based on: Vol. 4, no. 30 (Mar. 1, 1988).</subfield></datafield><datafield ind1=" " ind2="0" tag="651"><subfield code="a">Pulaski (Tenn.)</subfield><subfield code="v">Newspapers.</subfield></datafield><datafield ind1=" " ind2="0" tag="651"><subfield code="a">Giles County (Tenn.)</subfield><subfield code="v">Newspapers.</subfield></datafield><datafield ind1=" " ind2="7" tag="655"><subfield code="a">Newspapers.</subfield><subfield code="2">fast</subfield><subfield code="0">(OCoLC)fst01423814</subfield></datafield><datafield ind1=" " ind2="7" tag="651"><subfield code="a">Tennessee</subfield><subfield code="z">Giles County.</subfield><subfield code="2">fast</subfield><subfield code="0">(OCoLC)fst01221122</subfield></datafield><datafield ind1=" " ind2="7" tag="651"><subfield code="a">Tennessee</subfield><subfield code="z">Pulaski.</subfield><subfield code="2">fast</subfield><subfield code="0">(OCoLC)fst01224307</subfield></datafield><datafield ind1=" " ind2=" " tag="752"><subfield code="a">United States</subfield><subfield code="b">Tennessee</subfield><subfield code="c">Giles</subfield><subfield code="d">Pulaski.</subfield></datafield><datafield ind1="0" ind2="0" tag="785"><subfield code="t">Giles County journal</subfield><subfield code="w">(DLC)sn 98069921</subfield></datafield></record>